2750 4109
182 247 232 299 n1.
243 249 269 298 4.
281 248 393 314 uarro]
629 247 789 298 crrrrvr.
1196 235 1237 301 3?

181 478 184 482 ,
232 419 289 479 Ar.
635 418 735 489 Quem
749 418 869 478 dudum
884 417 952 478 dixi
965 418 1154 498 aprincipid
1168 419 1237 480 tibi.

313 524 384 583 Ηόο
398 525 425 585 61
440 531 529 585 secus
544 524 689 602 reperies,
701 523 822 591 nullam
836 522 962 583 calisam
977 523 1055 598 dico,
1067 523 1145 601 quin
1159 523 1239 582 mihi

314 612 1137 706 666666666666166666666666666616666666
1195 641 1239 688 aa
1293 612 1295 621 ’

233 734 292 793 Η6.
318 733 382 814 [To
400 733 577 813 Tyndarum]
595 732 677 803 Quid
692 739 728 792 tu
742 732 816 794 ais?
903 807 905 810 y

238 841 289 914 Ty.
413 839 466 897 Me
480 836 567 897 triom
581 844 650 898 6666
665 855 788 898 seruum
802 842 834 897 et
848 838 881 897 te
895 856 998 897 meum
1013 856 1108 897 erum.

234 945 293 1004 Hc.
948 941 1045 1003 Haud
1059 941 1141 1002 istdc
1155 961 1237 1018 rogo.

194 1067 222 1108 rc
314 1047 440 1109 Fuistin
452 1047 558 1109 liber?

239 1155 290 1229 dh.
593 1151 662 1212 Frii.

234 1259 291 1317 Ar.
697 1258 791 1318 Enim
805 1276 880 1318 uero
891 1259 953 1318 non
967 1257 1040 1333 fuit,
1051 1259 1151 1334 nugas
1162 1257 1236 1341 agit.

240 1365 290 1438 Ty.
316 1362 377 1434 Qut
387 1363 522 1424 tuscis?
538 1381 579 1422 an
589 1361 967 1423 tdfortassefuistimeae
979 1362 1073 1421 matri
1081 1361 1238 1437 obstitrix‚

315 1468 376 1538 Qui
391 1466 428 1527 id
438 1474 504 1527 tam
518 1468 666 1527 audacter
679 1465 784 1526 dicere
798 1468 917 1528 audes?

235 1574 291 1632 Ar.
473 1636 482 1653 .
875 1569 1013 1631 Priorum
1027 1571 1237 1651 teuidipucr.

240 1679 291 1754 Py.
317 1658 362 1736 dt
375 1695 433 1753 ego
446 1683 478 1737 66
492 1677 585 1737 uideo
600 1677 699 1737 maior
713 1676 879 1737 maiorem:
900 1675 904 1757 Ι
923 1695 972 1736 em
987 1674 1111 1737 rursr‘rm
1126 1676 1200 1738 tihi!

317 1783 421 1843 Meam
443 1800 508 1841 rem
522 1800 585 1841 nou
599 1782 698 1856 66666,
713 1782 741 1842 61
762 1788 845 1841 recte
863 1781 981 1852 facias:
1001 1800 1077 1840 num
1095 1800 1152 1857 ego
1166 1783 1240 1842 curd

396 1889 510 1948 tuam?
1195 1899 1240 1946 632
1289 1882 1291 1886 ’

185 2012 225 2052 roo
236 1994 294 2053 He.
318 1986 434 2052 Fr‘ritne
447 1992 521 2070 huic
535 1992 625 2069 pater
639 1990 1200 2073 Thensaurochrysonicochrysides?

237 2097 295 2157 Ar.
321 2097 396 2157 Non
416 2097 490 2171 fuit,
510 2115 612 2174 neque
637 2098 696 2172 ego
714 2102 797 2157 Istuc
819 2115 933 2156 nomen
960 2095 1110 2174 umquam
1131 2097 1240 2157 audiui

354 2232 358 2244 ·
397 2207 470 2261 ante
485 2199 568 2261 huuc
582 2201 674 2262 diem.

317 2305 492 2366 Philocrati
505 2306 776 2367 Theodoromedes
790 2307 854 2366 fuit
867 2313 964 2384 pater.
1194 2362 1197 2367 ,

240 2414 292 2487 Ty.
878 2412 1005 2492 [Aside]
1023 2412 1122 2471 Pereo
1135 2412 1239 2488 probe.

322 2517 483 2596 [Prcsriw
492 2518 540 2575 Iris
554 2518 638 2576 hond
652 2525 681 2576 to
696 2519 744 2575 his
757 2516 858 2596 hecar]
875 2515 958 2586 Quin
973 2516 1133 2594 quiescis?
1155 2515 1167 2575 1
1181 2516 1242 2575 dic·

400 2628 528 2696 rectum,
543 2622 596 2680 cor
609 2639 723 2695 meum,
738 2639 773 2681 ao
789 2622 945 2698 suspdnde
958 2626 1006 2680 te:
1198 2633 1242 2679 636
1353 2685 1359 2696 ,

319 2724 368 2786 Tri
382 2726 545 2801 sussultas,
561 2727 618 2802 ego
631 2726 727 2792 miser
741 2726 797 2785 uix
810 2727 879 2786 asto
893 2745 967 2803 prae
982 2725 1160 2787 formidine.
1211 2785 1228 2794 ,

187 2850 228 2891 166
241 2833 299 2892 He.
322 2831 413 2892 satin
434 2832 516 2892 istuc
537 2830 617 2890 mihi
639 2831 873 2910 exquisitumst‚
893 2830 994 2891 fuisse
1014 2831 1099 2890 hunc
1120 2850 1242 2891 seruum

400 2935 435 2996 in
448 2918 543 2995 hice

320 3042 432 3118 Neque
447 3048 514 3101 esse
529 3041 612 3101 hunc
626 3041 866 3101 Philocratem?

241 3148 297 3206 Ar.
361 3147 440 3205 Tam
452 3151 528 3207 satis
540 3166 635 3223 quam
650 3145 821 3224 urimquam
835 3146 894 3205 hoc
908 3145 1051 3206 16666166
1061 3164 1160 3206 secus.
1201 3158 1245 3203 639

323 3252 385 3311 8661
398 3251 454 3311 ubi
467 3252 495 3312 is
509 3270 593 3311 nunc
607 3252 681 3311 est?

242 3359 299 3417 He.
442 3330 504 3418 ifbi
519 3375 576 3432 ego
589 3357 729 3415 minume
743 3363 837 3433 atque
854 3356 942 3434 ipsus
962 3375 995 3417 se
1008 3357 1077 3416 uolt
1091 3357 1244 3416 maxume.

323 3463 404 3521 Tum
418 3462 515 3538 igitur
529 3481 586 3538 ego
600 3460 833 3536 derduciuatns,
849 3462 1031 3522 deartuatus
1047 3460 1116 3521 sdm
1131 3460 1226 3521 miser

323 3566 428 3627 Huids
443 3567 568 3627 scelesti
583 3566 728 3640 techinis‚
743 3567 798 3643 qui
812 3585 862 3624 me
873 3572 909 3625 ut
923 3564 1090 3627 ldhitumst
1104 3564 1246 3626 ductauit
1365 3552 1371 3579 ¹

404 3671 493 3733 dolis.
