2750 4109
200 300 290 350 ms.
304 269 430 360 11-1rsse.
445 300 505 365 ro]
651 297 810 350 cnrrrvi
980 349 983 355 ,
1215 284 1256 350 31

256 542 275 570 .
335 470 418 542 Quin
439 470 520 529 male
545 470 683 529 oooidam
708 472 917 552 oppetamque
941 469 1063 546 pestem
1088 467 1133 528 eri
1156 467 1258 526 uioem

398 587 585 653 'meamque
1215 586 1260 632 tat

334 681 480 741 Perdidit
490 701 540 741 me
549 679 793 758 Aristophontes
804 679 864 755 hio,
875 666 1128 756 quiuenitmodo
1143 678 1148 759 Ι
1164 678 1256 738 intro.

335 769 368 846 is
383 805 433 845 me
446 785 553 845 nouit:
575 785 603 846 is
618 785 736 845 sodalis
750 784 924 844 Philocrati
938 790 970 843 et
983 784 1133 859 cognitus
1149 791 1204 843 est.

336 891 448 967 Neque
468 889 531 950 iam
558 890 649 950 Salus
678 890 812 964 serrare,
835 889 863 949 si
883 889 961 963 uolt,
982 889 1032 948 me
1052 893 1172 966 potest:
1201 906 1259 947 neo

416 995 546 1073 copiast,

337 1099 411 1160 Nisi
426 1100 454 1160 si
468 1100 607 1178 aliquam
621 1100 714 1159 eorde
728 1099 890 1160 maehinor
904 1097 1062 1159 astutiam.
1216 1110 1261 1156 tto

336 1204 446 1280 Quem,
461 1205 603 1265 melum?
626 1205 703 1283 quid
718 1204 903 1265 machiner?
925 1203 1003 1281 quid
1017 1195 1259 1264 oomminisoar?

417 1300 580 1370 maxumas
1142 1317 1145 1322 ’

336 1415 456 1491 Nugas,
471 1415 610 1492 ineptias
627 1413 795 1492 incipisse:
817 1414 938 1474 haereo.

643 1692 764 1758 Sonus
786 1691 817 1756 4.
917 1780 920 1786 Ι

205 1854 350 1918 Tyndarus
369 1855 393 1905 is
411 1855 529 1918 brought
546 1860 575 1904 to
591 1855 654 1917 bey,
673 1868 704 1904 as
721 1856 742 1903 it
758 1867 838 1915 were,
857 1853 949 1903 before
966 1851 1181 1914 Aristophontes.
1219 1852 1261 1900 He
1284 1856 1286 1859 ·

260 1938 325 1987 tries
337 1945 365 1987 to
376 1935 476 1987 braze'n
488 1938 510 1986 it
521 1943 569 1987 out
580 1938 616 2000 by
626 1951 642 1986 a
653 1936 741 1987 elever
753 1935 845 1985 flotion
857 1934 985 1985 invented
996 1949 1032 1984 on
1043 1935 1090 1984 the
1101 1948 1167 1996 spur
1177 1933 1206 1983 oi
1215 1933 1261 1983 the

259 2024 388 2077 moment,
405 2020 456 2068 but
476 2020 524 2068 the
539 2033 599 2069 case
620 2019 726 2081 against
748 2019 805 2067 him
827 2018 851 2067 is
872 2022 918 2074 too
938 2017 1016 2067 clear.
1059 2016 1145 2079 Hegio
1167 2014 1261 2078 finally

260 2101 387 2151 awakens
404 2106 432 2151 to
449 2102 495 2152 the
515 2102 573 2152 fact
591 2102 652 2151 that
674 2115 691 2150 a
711 2100 781 2151 triok
798 2101 847 2150 hes
863 2101 932 2150 been
948 2098 1048 2162 played
1063 2112 1137 2161 upon
1153 2099 1262 2148 him.-

259 2185 346 2234 Musio
365 2184 507 2241 continues
523 2185 689 2248 throughout
707 2183 753 2234 the
772 2196 858 2233 soene.

445 2330 546 2380 Hnoro.
584 2331 824 2380 Arrsrornonrns.
861 2329 1022 2378 Trrorrve.

243 2440 359 2521 [Hepio
372 2445 436 2501 ond
449 2442 678 2516 Aristophontes
692 2460 772 2500 como
786 2449 837 2500 out
851 2443 889 2515 os
896 2441 943 2498 tho
950 2439 1096 2515 formeria
1109 2438 1226 2518 honre]

258 2550 315 2626 He.
340 2567 559 2648 [Ioolotopthtr
572 2570 711 2642 wopand
725 2567 803 2646 tter]
818 2565 886 2635 Quo
899 2562 990 2623 illum
1004 2582 1088 2622 nuno
1101 2562 1260 2623 hominem
1280 2624 1282 2627 ,

418 2672 610 2748 proripuisse
625 2672 711 2731 forts
726 2689 759 2751 se
774 2671 875 2729 dioarn
890 2688 929 2729 ex
944 2669 1096 2731 aedibus?

263 2779 314 2853 ip.
342 2776 465 2858 [Antio]
497 2775 590 2836 Nino
617 2783 702 2852 enlm
730 2794 804 2834 uero
828 2792 885 2850 ego
912 2772 1028 2863 oooidi:
1049 2771 1053 2852 i
1071 2771 1146 2832 eimt
1167 2772 1208 2832 ad
1228 2778 1260 2832 te

418 2881 534 2955 hostes,
549 2880 705 2962 Tyndaro
738 2872 742 2882 “
842 2860 846 2868 ’
1045 2919 1050 2930 .

338 2985 421 3057 Quid
434 2986 568 3063 loquer?
591 2984 667 3062 quid
682 2985 873 3045 fabulabor?
894 2984 970 3061 quid
984 2984 1104 3060 negabo
1115 2989 1170 3043 aut
1183 2982 1260 3061 quid

418 3092 564 3150 fatebor?
754 3162 756 3166 Α
867 3109 873 3120 ’
1136 3162 1139 3169 ⁴
1217 3101 1261 3145 535

339 3196 422 3255 Mihi
443 3197 492 3255 res
511 3195 612 3258 omnis
632 3195 667 3254 in
684 3195 806 3254 incerto
825 3194 934 3255 sitast:
957 3194 1038 3271 quid
1055 3194 1147 3253 rebus
1170 3186 1262 3252 eonfi-

419 3301 491 3367 dtm
506 3300 610 3360 meis?
1034 3361 1036 3365 ,

339 3405 468 3466 Vtinam
483 3410 515 3464 te
532 3404 566 3463 di
584 3405 673 3482 prius
692 3404 861 3482 perderent
874 3422 968 3480 quam
987 3403 1112 3480 periisti
1126 3421 1143 3462 e
1158 3403 1263 3480 patria

417 3516 482 3585 tua,
713 3512 716 3519 ·

339 3613 591 3692 Aristophontes,
611 3592 666 3693 qui
687 3614 727 3673 ex
747 3619 912 3694 peratore
932 3610 1261 3690 imperatam'omnem

417 3719 506 3781 faeie.
