2750 4109
606 235 744 299 rnrvrr
906 220 911 226 ’
1007 232 1071 315 [ns.
1085 251 1106 300 1.
1120 249 1205 300 rc-as

277 421 378 492 Quam
402 419 435 478 in
460 420 546 479 tribu
570 420 575 500 Ι
599 420 710 497 aparto
734 419 836 496 capite
861 420 966 479 sontes
993 420 1205 479 condemnant

359 544 436 585 reos.

278 631 391 708 Ne'qne
418 629 569 689 ridiculos
596 629 659 689 iam
680 629 819 688 terrunci
840 628 979 689 faciunt:
1006 647 1075 689 sese
1095 630 1204 689 omnes

358 741 473 795 amant.

166 906 168 911 ,
278 841 362 901 Nam
379 838 415 899 rit
436 839 554 898 dudum
571 837 645 898 hinc
659 838 733 913 abii,
748 838 865 900 accessi
878 839 920 899 ad
938 839 1153 900 adulescentes
1168 838 1206 898 in

358 945 435 1003 foro.

280 1049 439 1109 ‘salceta'
467 1047 606 1125 inquam.
662 1053 742 1126 ‘quo
769 1048 851 1110 imus
878 1049 959 1110 una'
987 1049 1118 1127 inquam
1144 1049 1206 1109 ‘ad

360 1153 565 1231 prandium?'
581 1159 675 1231 atque
690 1152 741 1212 illi
755 1160 868 1213 tacent.

280 1259 373 1330 ‘Quis
389 1259 449 1318 ait:
472 1259 554 1317 hoc?
572 1264 628 1318 aut
642 1257 713 1335 quis
727 1248 936 1336 profitetur?⁷
951 1258 1096 1337 inquam:
1113 1259 1205 1337 quasi

359 1363 440 1423 muti
455 1363 560 1437 silent,
1159 1377 1207 1422 480

281 1471 394 1548 Neque
408 1488 458 1528 me
473 1469 585 1528 rident.
629 1466 703 1527 ‘ribi
717 1469 906 1529 cenamus?’
922 1469 1065 1547 inquam:
1085 1469 1089 1551 Ι
1109 1476 1205 1548 atque
1257 1506 1260 1512 ,

359 1574 409 1633 illi
424 1574 573 1633 abnuont.¹

280 1680 359 1739 Dico
372 1698 471 1737 unum
484 1677 652 1737 ridiculum
667 1678 787 1738 dictum
801 1678 840 1737 de
854 1678 948 1739 dictis
962 1679 1152 1753 melioribus

282 1785 400 1858 Quibus
415 1783 553 1843 solebam
568 1782 771 1843 menstrualis
786 1784 895 1861 epulas
910 1789 982 1844 ante
997 1784 1180 1862 adipiscier:

281 1891 383 1950 Nemo
397 1889 487 1948 ridet.
531 1888 610 1947 sciui
624 1888 783 1966 extemplo
798 1889 863 1947 rem
878 1888 916 1948 de
931 1893 1091 1967 compecto
1106 1890 1179 1965 geri.

280 1995 331 2054 Ne
353 2012 462 2053 canem
485 1993 612 2071 quidem
635 1991 793 2053 irritatam
821 1994 923 2053 uoluit
951 1995 1117 2073 quisquam
1137 1994 1207 2053 imi·

361 2099 466 2172 tarier,
1158 2112 1207 2158 485

283 2203 410 2278 8011010,
423 2203 525 2263 sinon
539 2202 723 2277 arriderent,
736 2202 846 2263 dentes
856 2209 893 2263 ut
903 2204 1136 2280 restringerent.

282 2292 376 2369 Abeo
390 2309 429 2367 ab
442 2307 518 2382 illis,
533 2309 701 2385 postquam
716 2308 808 2367 uideo
822 2310 872 2367 me
887 2309 932 2368 sic
946 2309 1152 2370 ludificarier:

281 2415 383 2489 Pergo
396 2414 437 2472 ad
450 2413 538 2488 alios,
553 2412 646 2472 uenio
661 2412 702 2472 ad
718 2412 806 2486 alios,
822 2412 935 2473 deinde
949 2415 989 2473 ad
1006 2393 1086 2475 alios
1095 2412 1207 2474 -1'1na

362 2537 420 2579 res.

283 2609 400 2684 Omnes
435 2623 595 2700 compecto
631 2640 697 2682 rem
738 2628 837 2698 agunt
872 2623 962 2700 quasi
979 2622 984 2704 l
1002 2623 1036 2682 in
1069 2624 1207 2685 Velabro

362 2728 480 2789 olearii.

282 2831 376 2894 Nunc
398 2833 491 2917 redeo
512 2832 596 2908 inde,
617 2833 766 2911 quoniam
787 2851 837 2892 me
859 2832 863 2914 Ι
884 2833 929 2894 ibi
950 2833 1043 2893 uideo
1067 2834 1207 2895 ludifica-

364 2937 433 2997 rier.
1162 2953 1208 2998 490
1254 2910 1260 2928 Ι

282 3026 364 3103 item
378 3042 434 3102 alii
448 3041 580 3120 parasiti
594 3042 716 3122 frustra
729 3042 972 3103 obambulabant
986 3043 1019 3102 in
1034 3045 1110 3104 foro.

281 3145 375 3208 Nimc
389 3124 551 3207 barbarica
563 3146 632 3223 lege
646 3151 798 3206 certumst
818 3145 867 3206 iris
881 3165 986 3207 meum
1000 3167 1091 3207 omne
1105 3149 1222 3226 perse--

364 3252 434 3329 qui:

282 3357 344 3428 Qui
365 3357 531 3416 concilium
549 3356 656 3430 iniere,
673 3376 735 3433 quo
752 3375 808 3415 nos
825 3356 914 3416 uictu
929 3364 962 3417 et
978 3358 1048 3421 uita
1065 3359 1208 3436 prohibe-

363 3468 427 3536 ant,

282 3549 316 3628 10
328 3566 412 3629 diem
422 3566 533 3641 dicam,
545 3564 688 3640 irrogabo
699 3564 840 3640 miiltam,
852 3573 888 3626 ut
902 3568 981 3627 mihi
996 3569 1088 3629 cenas
1099 3569 1206 3629 decem

282 3673 355 3734 Meo
366 3670 520 3733 arbitratu
530 3670 616 3745 de'nt,
629 3689 721 3748 quom
733 3688 806 3731 cara
816 3673 940 3731 annona
953 3673 1004 3732 sit.
1041 3673 1086 3734 sic
1097 3673 1205 3748 egero!
