2750 4109
618 258 756 308 PLAV'I'I
1002 260 1066 325 [III.
1079 263 1103 312 5.
1116 261 1208 311 77-104

288 425 369 487 Inde
383 427 472 488 extre
486 435 608 506 portam
623 430 663 489 ad
678 427 780 489 merim
796 431 945 491 libertum
959 433 1127 493 C6rdalum
1168 444 1209 491 775

199 570 201 573 -
288 532 328 592 In
342 533 529 610 lapicidinas
544 535 641 594 facite
656 535 809 596 deductus
825 537 892 596 siet.

288 637 394 715 Atque
409 638 492 697 huno
507 658 557 698 me
570 640 653 699 uelle
668 640 764 700 dieite
778 641 824 701 ita
838 642 983 717 ourarier,
1080 693 1083 697 ,

170 760 195 801 eo
288 743 394 820 Nequi
408 745 547 804 deterius
562 745 635 804 huie
650 746 692 805 sit
707 765 801 823 quam
816 747 889 823 quoi
907 748 1089 824 pe'ssumest

213 849 263 923 Ty.
290 848 353 908 Cur
367 850 424 925 ego
438 855 470 909 te
484 850 586 909 inuito
600 869 649 909 me
664 851 733 910 esse
748 851 868 910 saluom
883 852 1064 928 postulem?

288 952 445 1012 Periolum
460 955 544 1014 uitae
561 955 649 1014 meae
663 962 719 1014 tuo
734 960 798 1015 stat
812 955 958 1033 periculo.
1168 970 1210 1016 745

288 1059 366 1117 Post
380 1061 512 1118 mortem
526 1060 560 1118 in
575 1065 675 1119 morte
689 1059 735 1117 11ss
751 1067 799 1120 est
814 1061 897 1136 quod
912 1062 1048 1121 metuam
1063 1060 1147 1121 mali.
1180 1052 1182 1057 ’

289 1164 331 1221 Et
346 1163 374 1221 si
387 1164 517 1239 peruiuo
532 1165 686 1242 usquead
702 1183 854 1224 summam
869 1166 1134 1240 aetatem,.tamen

236 1292 238 1295 ·
289 1269 390 1327 Breue
405 1270 575 1345 spatiumst
589 1269 774 1347 perferundi
789 1289 868 1347 quae
883 1271 1011 1332 minitas
1022 1271 1113 1331 mihi.
1177 1324 1179 1335 .

288 1374 366 1433 Vale
381 1374 474 1450 atque
490 1375 585 1450 salue,
601 1376 661 1434 etsi
676 1376 769 1435 aliter
783 1383 819 1435 ut
834 1376 936 1435 dicam
952 1394 1061 1436 meres.
1108 1441 1111 1447 ,

288 1481 345 1553 Tu,
362 1479 614 1556 Aristophontes,
630 1481 669 1539 de'
684 1499 733 1539 me
748 1487 784 1540 ut
799 1481 952 1556 meruisti,
964 1481 1013 1541 tta
1025 1481 1112 1541 uale:
1169 1494 1211 1540 745

288 1578 372 1643 Nam
387 1583 466 1643 mihi
480 1592 652 1661 propterte
667 1587 726 1644 hoe
740 1585 864 1664 optigit.

208 1690 266 1747 He.
567 1771 570 1775 ¹
739 1740 741 1749 .
899 1672 1092 1765 Abusus(

213 1795 263 1868 tq.
289 1794 335 1852 At
348 1793 444 1853 unum
460 1794 518 1853 hoo
534 1815 658 1872 quaeso,
674 1796 702 1855 si
716 1794 776 1854 huo
791 1796 905 1856 rebitet
919 1795 1123 1872 Philocrates,
1215 1816 1217 1820 ·

170 1916 195 1954 so
288 1900 332 1958 Vt
346 1899 389 1957 mi
404 1900 472 1958 eius
486 1901 584 1959 facias
600 1901 811 1960 conueniundi
825 1902 956 1978 sopiam.

208 2004 265 2063 He.
282 2003 431 2078 -Peristis,
446 2005 510 2064 nisi
524 2005 607 2064 huno
625 2006 687 2065 iam
702 2006 719 2065 e
733 2012 902 2084 conspeetu
922 1995 1086 2067 abducitis.
1131 2006 1211 2086 [The

368 2112 476 2168 lororii
491 2112 572 2185 pust
586 2114 649 2169 aad
665 2114 742 2188 droq
756 2114 820 2170 tim
838 2115 953 2171 toward
972 2114 1019 2171 the
1038 2114 1211 2190 etym-houd

369 2216 454 2295 emit]

213 2319 263 2394 Ty.
293 2319 500 2400 [Struqyliay]
523 2319 580 2379 Vis
602 2319 678 2379 haec
701 2321 827 2397 quidem
849 2320 994 2395 herolest,
1016 2321 1047 2380 et
1068 2321 1153 2384 trahi
1180 2327 1213 2380 et

368 2423 454 2482 trudi
468 2424 561 2483 simu]
581 2424 681 2505 [eait].
1169 2437 1213 2483 750

209 2530 265 2587 He.
290 2528 362 2586 Illio
376 2529 424 2587 est
439 2529 591 2588 abduetus
607 2531 693 2589 reeta
708 2530 740 2588 in
755 2526 932 2607 phylaeam,
949 2536 984 2589 ut
997 2529 1112 2604 diguus
1127 2536 1182 2589 est.

288 2633 355 2707 Ego
369 2633 435 2693 ulis
450 2634 585 2711 captiuis
600 2634 672 2693 aliis
687 2633 906 2694 documentum
924 2635 1012 2709 dabo,

89 2725 92 2730 ¹
169 2755 195 2795 es
288 2738 339 2796 Ne
353 2738 417 2797 tale
432 2739 598 2815 quisquam
612 2739 737 2799 facinus
752 2738 890 2816 incipere
905 2738 1027 2799 audeat.

289 2843 378 2912 Quod
393 2843 509 2920 absque
524 2844 582 2902 hoo
597 2850 688 2918 esset,
705 2843 760 2920 qui
774 2844 853 2902 mihi
867 2843 926 2903 hoo
940 2844 1017 2903 feeit
1031 2843 1144 2922 palam,

288 2948 396 3023 Vsque
410 2948 597 3007 offrenatum
613 2948 678 3008 suis
695 2968 745 3008 me
760 2949 925 3008 duotare'nt
940 2949 1030 3010 dolis.
1169 2961 1213 3007 755
1291 2939 1293 2945 ’

289 3052 382 3110 Nunc
397 3053 548 3112 certumst
562 3053 643 3111 nulli
658 3054 790 3130 posthae
804 3054 972 3130 quiequam
990 3054 1130 3114 credere:

291 3157 375 3216 Satts
390 3156 458 3216 sum
474 3158 568 3217 semel
584 3159 743 3235 deeeptus.
788 3158 913 3236 speraui
927 3159 1022 3219 miser
1114 3176 1115 3180 ’

289 3261 339 3319 Ex
353 3262 506 3321 seruitute
522 3282 570 3322 me
585 3263 738 3323 exemisse
753 3258 874 3337 fssium,'

289 3366 337 3425 Ea
351 3368 421 3444 spe's
437 3367 582 3443 elapsast.
626 3368 751 3445 perdidi
765 3388 864 3427 unum·
877 3368 992 3442 filium,

290 3471 426 3530 Puerum
442 3473 642 3547 quadrimum
657 3474 750 3549 quem
765 3473 843 3531 mihi
859 3492 966 3533 seruos
982 3472 1114 3550 surpuit,
1170 3484 1222 3532 760.

289 3576 401 3652 Neque
416 3574 487 3635 er'un
502 3596 624 3636 seruom
639 3597 788 3654 umquam
803 3578 927 3655 repperi
942 3596 1042 3655 neque
1057 3577 1179 3637 filium:

290 3681 391 3739 Maior
406 3681 527 3756 potitus
542 3681 721 3741 hostiumst.
764 3682 847 3758 quod
862 3682 920 3741 hoo
935 3682 984 3741 est
999 3683 1127 3743 scelus?
1241 3760 1247 3776 „
