2750 4109
188 269 240 319 111.
254 272 377 333 rerer,
391 273 415 322 a
429 273 507 339 1-15]
637 271 793 322 0111111
1201 258 1243 320 29

320 440 413 501 Nune
436 442 488 502 ibo
512 442 552 501 ad
573 448 697 519 portum
723 441 805 501 hinc.
848 446 897 502 est
920 440 988 500 illic
1011 439 1056 500 mi
1080 438 1144 501 rina
1171 459 1242 518 spes

399 526 554 607 cenatica:
1200 558 1244 603 496

322 651 355 712 Si
369 652 407 712 ea
420 651 585 726 deuolant,
600 651 709 711 redibo
722 652 784 711 huc
798 651 838 712 ad
859 669 965 711 senem
982 650 1022 710 ad
1035 667 1145 710 cenam
1159 652 1243 729 etspe-

400 775 467 817 ram
483 755 595 836 [leooeo
609 759 656 816 tlte
669 766 751 835 atoqe
766 760 802 833 by
815 759 863 816 tlte
876 758 1020 832 left-houd
1034 755 1121 834 ecit}

626 1090 749 1155 Scauro
773 1090 803 1153 2.

191 1264 279 1329 Hegio
289 1264 312 1314 ie
323 1263 415 1329 highly
426 1264 515 1315 elated
528 1277 591 1314 over
601 1265 647 1314 the
658 1270 797 1327 prospecta
809 1264 838 1314 of
854 1264 978 1328 securing
989 1264 1035 1314 the
1046 1268 1140 1314 retum
1156 1262 1186 1312 of
1201 1263 1243 1313 hia

243 1361 293 1397 eon
313 1347 367 1396 and
383 1347 581 1411 congratulatae
602 1346 716 1405 himself*
734 1361 808 1409 upon
830 1347 873 1397 his
894 1347 982 1397 elever
1004 1352 1194 1409 management
1215 1346 1243 1395 ot

243 1428 383 1480 afleita-
391 1430 441 1479 His
453 1430 585 1492 soliloquy
594 1429 678 1480 forms
689 1430 804 1480 another
815 1433 950 1481 canticum
962 1430 1018 1494 (see
1030 1427 1133 1479 Introd.
1146 1429 1177 1478 71
1189 1427 1243 1477 and

245 1512 302 1576 ⁷2),
315 1512 365 1562 but
375 1511 423 1561 the
437 1517 517 1562 exact
528 1512 650 1562 metrioal
661 1516 796 1562 structure
809 1511 837 1562 of
850 1512 916 1562 each
929 1525 1006 1561 reree
1020 1513 1043 1560 ie
1058 1525 1088 1561 eo
1102 1510 1243 1561 uncertain

248 1593 309 1644 that
320 1608 356 1644 no
367 1599 483 1658 attempt
494 1595 516 1644 ie
527 1595 591 1644 here
602 1594 681 1644 made
691 1600 720 1644 to
732 1593 849 1644 indicate
861 1594 908 1644 the
919 1593 1053 1644 scansion.

664 1779 768 1828 Hnoro.
824 1762 827 1767 ’

312 1884 428 1984 [Recio
441 1890 505 1946 oud
518 1887 748 1962 Aristophontes
762 1895 844 1946 enter
852 1890 940 1962 from
953 1889 1001 1946 the
1014 1887 1121 1966 richt]

241 2010 298 2070 He.
321 2010 405 2081 Quid
420 2018 468 2070 est
483 2010 610 2070 suauius
622 2029 716 2087 quam
728 2011 806 2070 bene
817 2028 883 2070 rem
897 2027 1003 2086 gerere
1014 2010 1094 2070 bono
1108 2008 1242 2086 publico,

401 2115 483 2176 sicut
497 2134 554 2192 ego
568 2115 630 2174 feci
645 2116 723 2188 heri,
847 2102 851 2110 ’
1070 2126 1123 2181 498,
1134 2127 1186 2182 499,
1199 2100 1244 2172 too

320 2220 421 2290 Quom
436 2220 499 2279 emi
516 2220 609 2281 hosce
624 2220 793 2280 homines?
816 2219 870 2279 ubi
885 2219 1018 2297 quisque
1033 2219 1153 2295 uident,
1168 2225 1244 2278 eunt

399 2316 526 2386 'obuiam

321 2429 592 2507 Gratulanturque
602 2449 670 2491 eam
681 2449 757 2489 rem.
785 2429 832 2489 ita
846 2447 895 2488 me
909 2428 1059 2488 miserum
1070 2429 1243 2489 restitando

321 2535 562 2613 Retinendoque
576 2536 695 2596 laesum
709 2534 928 2594 reddiderunt:
966 2543 968 2548 '

320 2640 385 2701 Vix
399 2658 438 2699 ex
452 2639 639 2716 gratulando
652 2639 748 2700 miser
762 2639 825 2699 iam
840 2638 1022 2699 eminebam.

321 2745 462 2805 Tandem
477 2743 539 2805 abii
554 2744 595 2804 ed
609 2750 791 2821 praetorem.
835 2743 879 2803 ibi
893 2743 949 2802 uix
964 2743 1114 2821 requieui,
1200 2756 1244 2800 ooo

321 2849 409 2925 Rogo
424 2849 654 2927 syngraphum:
677 2850 771 2908 datur
784 2848 864 2908 mihi
877 2848 967 2908 ilico:
990 2848 1063 2907 dedi
1078 2848 1241 2927 Tyndaro:

401 2953 456 3012 ille
470 2953 549 3013 abiit
563 2954 700 3012 domum.
1138 2966 1190 3021 506,
1200 2965 1244 3013 501

321 3057 400 3117 Inde
439 3058 512 3117 ilico
553 3065 695 3118 reuortor
736 3058 871 3133 domum,
914 3063 1081 3135 postquem
1123 3058 1157 3118 id
1197 3077 1245 3118 ac-

400 3168 509 3222 tumst.
1137 3175 1245 3230 ooaooo

321 3266 368 3326 Eo
388 3268 532 3345 protinus
554 3268 594 3326 ad
615 3268 746 3326 fratrem
768 3267 841 3326 inde
862 3265 936 3342 abii,
952 3267 1014 3327 mei
1030 3266 1086 3327 ubi
1099 3273 1174 3328 sunt
1188 3268 1244 3328 alii

400 3372 534 3450 captiui:
1200 3386 1245 3431 cro

321 3476 410 3553 Rogo
423 3476 634 3537 Philocratem
650 3495 689 3536 ex
704 3476 798 3535 Alide
814 3475 919 3554 ecquis
934 3475 1072 3535 omnium

321 3581 464 3641 Nouerit.
507 3582 634 3645 tandem
652 3582 703 3640 hic
720 3580 878 3659 [pointing]
892 3589 922 3639 to
935 3581 1180 3664 Aristophontes]
1196 3600 1243 3641 ex·

399 3685 516 3745 clamat
529 3704 601 3746 eum
616 3686 677 3747 sibi
692 3704 760 3746 esso
775 3684 921 3745 sodalem
