2750 4109
176 251 228 301 111.
243 251 356 316 61-66]
430 220 453 251 ’·
624 249 783 300 enirm

621 468 743 547 Scurra
761 482 791 546 5.

175 627 321 690 Tyndarus
337 627 432 678 suffers
448 628 495 677 the
512 641 710 690 consequences
725 628 754 676 oi
771 628 813 678 his
829 628 955 691 trickery.
965 628 1063 678 -The
1081 628 1167 678 music
1183 628 1233 680 hae

229 711 334 771 oeased‚
348 710 402 760 and
414 711 460 760 the
472 709 594 773 dialogue
607 711 630 760 is
640 709 744 760 carried
756 724 791 760 on
804 711 969 774 throughout
980 711 1026 761 the
1037 724 1116 762 scene
1127 711 1156 760 in
1167 711 1233 760 iam·

230 792 273 842 bic
284 796 394 845 macrii.
432 793 482 843 See
495 792 597 842 Introd.
612 793 645 842 40
657 792 711 842 and
724 793 762 843 70.

330 934 432 983 anro.
470 935 601 983 Ionian.
637 934 799 984 Truussvs.
838 935 1075 1006 Aursrornourus.

270 1040 386 1120 [Hegio
401 1044 558 1100 addresses
573 1042 620 1100 tlte
634 1043 744 1100 locarit
757 1044 822 1101 who
837 1044 912 1101 haee
920 1046 987 1118 just
997 1043 1140 1121 66666666]

228 1164 286 1222 He.
310 1161 424 1221 Inicite
439 1163 512 1221 hnic
527 1162 664 1222 manicas
680 1163 698 1231 6
714 1162 886 1238 mastigiae.

233 1269 284 1342 Ty.
311 1266 392 1338 Quid
407 1267 465 1326 hoo
480 1267 529 1326 est
542 1267 676 1345 negoti?
699 1267 775 1344 quid
789 1286 846 1343 ego
860 1267 1004 1345 deliqui?

228 1373 285 1430 He.
1031 1374 1160 1448 Rogas?
1188 1383 1233 1429 666
1328 1410 1331 1417 -

309 1477 400 1537 Sator
415 1484 578 1554 sartorque
593 1478 745 1537 scelernm
761 1484 792 1538 et
807 1496 925 1538 messor
940 1479 1093 1538 maxume.

233 1583 284 1658 Tg.
309 1581 340 1640 N
342 1601 382 1641 on
396 1583 569 1642 ducatorem
584 1581 687 1642 dicere
703 1583 838 1643 audebas
853 1583 967 1662 prius?

201 1704 217 1745 6
309 1687 393 1746 Nam
408 1688 531 1765 semper
545 1694 654 1747 occant
668 1687 755 1765 prius
770 1707 863 1764 quam
879 1688 1000 1747 sariunt
1014 1686 1132 1748 nistioi.

228 1794 286 1851 He.
309 1792 354 1851 At
368 1790 404 1851 dt
418 1792 610 1851 confidenter
625 1793 704 1851 mihi
719 1798 829 1852 contra
843 1793 954 1853 astitit.

234 1898 284 1972 Ti).
310 1897 408 1955 Decet
423 1896 621 1956 innocentem
637 1898 760 1957 se'ruom
777 1896 782 1978 Ι
800 1903 894 1975 atque
909 1897 1074 1956 inndxium
1188 1911 1232 1957 666

309 2001 531 2086 Confidentem
546 2021 622 2076 esse,
639 2021 728 2062 suom
742 2003 826 2079 apud
842 2022 928 2062 erum
943 1987 1159 2081 potissumum.

230 2108 286 2166 He.
309 2106 508 2187 Adstringite
524 2107 580 2165 isti
594 2105 687 2166 sriltis
703 2107 905 2167 uehemente‘r
920 2127 1038 2168 manus.

191 2229 216 2269 ro
233 2213 284 2287 Ty.
311 2212 396 2271 Tuos
410 2230 496 2271 sum:
516 2217 553 2270 tu
563 2212 620 2271 has
635 2212 762 2288 quidem
776 2212 914 2292 [holding
927 2220 978 2271 out
992 2215 1040 2271 leis
1053 2214 1167 2294 hands]
1180 2213 1230 2272 uel

390 2315 529 2394 praecidi
544 2316 624 2375 iube.

226 2475 229 2480 .
310 2420 371 2481 Sed
386 2420 463 2497 quid
477 2400 641 2496 negotist?
662 2441 757 2498 quam
771 2422 811 2482 ob
825 2441 890 2481 rem
906 2422 1067 2483 suscenses
1082 2422 1218 2526 mihissqs„

229 2527 287 2585 He.
309 2527 390 2596 Quia
403 2527 452 2585 me
467 2545 630 2603 meamque
645 2527 720 2609 rem,
736 2528 819 2604 quod
834 2527 867 2586 in
882 2534 914 2585 te
928 2530 990 2587 und
1004 2527 1077 2602 fuit,
1188 2540 1233 2587 676

309 2630 385 2691 Tuis
401 2631 541 2691 scelestis
556 2631 713 2692 falsidicis
727 2631 865 2692 fallaciis
1009 2635 1024 2669 ·

310 2735 538 2796 Delacerauisti
553 2736 822 2813 deartuauistique
836 2756 920 2815 opes,

310 2841 482 2902 Confecisti
497 2841 600 2901 omnis
615 2842 663 2900 res
678 2861 715 2900 ac
729 2841 867 2901 rationes
882 2860 986 2928 meas.-
1089 2896 1091 2900 ,

309 2946 362 3005 166
376 2946 418 3004 mi
433 2946 577 3006 exemisti
592 2945 803 3006 Philocratem
818 2947 962 3007 fallaciis.

310 3049 404 3109 Illum
421 3051 489 3110 esse
503 3069 625 3132 seruom
640 3051 769 3124 credidi,
783 3056 816 3110 te
830 3051 980 3111 liberum:
1131 3092 1136 3101 .
1187 3064 1232 3111 676

309 3155 363 3215 Ita
376 3157 499 3235 udsmet
513 3155 646 3215 aiebatis
661 3156 768 3232 itaque
782 3156 910 3216 nemina

244 3340 249 3350 ι
309 3260 399 3319 Inter
412 3279 468 3320 uos
483 3261 698 3338 permutastis.
760 3310 762 3315 .

232 3369 286 3443 Tg.
385 3360 406 3371 ”
738 3366 852 3425 Fateor
866 3365 971 3425 simnia

189 3490 216 3531 eo
310 3472 407 3532 Facta
421 3472 488 3531 esse
503 3471 548 3531 ita
562 3477 598 3531 ut
612 3478 647 3530 tu
662 3471 740 3530 dicis
755 3477 787 3531 et
801 3471 937 3530 fallaciis

205 3554 209 3559 ‚
331 3575 423 3636 'bisse
437 3595 509 3634 eum
524 3577 578 3635 abs
594 3582 625 3635 te
640 3577 711 3635 mea
725 3594 819 3652 opera
832 3583 927 3652 atque
942 3573 1076 3635 astutia:

310 3682 370 3756 An,
380 3658 512 3741 Ι6666666
527 3680 630 3740 hercle
645 3687 685 3754 te,
702 3680 734 3738 id
749 3699 831 3739 nunc
846 3681 1007 3777 suscenses
1022 3681 1128 3741 mihi?
1187 3692 1231 3743 666
