2750 4109
114 343 116 346 ,
179 279 358 348 [uer-14]
627 280 788 350 cmm.
1194 266 1236 331 53

311 450 533 530 Parasitosque
552 451 654 512 omnis
676 452 709 511 et
729 450 785 530 qui
805 450 936 530 posthac
957 451 1066 512 cenam
1088 449 1236 530 parasitis

392 557 489 617 dabit.
1193 569 1237 614 910

310 661 424 723 Clades
451 661 677 740 calamitasque
704 659 907 740 intemperies
927 661 1020 721 modo
1040 668 1075 720 ln
1095 666 1235 722 nostram

391 766 521 827 aduenit
535 767 671 827 domum.

310 872 405 943 Quasi
428 870 521 951 lupus
542 871 683 932 esuriens
704 869 798 931 timui
818 890 858 933 ne
878 872 913 930 in
933 890 983 931 me
1004 872 1121 932 faceret
1141 870 1236 949 unpe-

389 978 501 1048 tamt:
561 1016 564 1033 .

310 1079 372 1141 Vbi
386 1081 492 1160 uoltus
507 1127 513 1140 .
530 1127 537 1140 .
553 1127 560 1140 .
577 1081 761 1142 sur..ntis.
778 1127 784 1141 .
801 1127 808 1140 .
824 1080 977 1158 impetum
1178 1079 1235 1138 912b

310 1186 477 1265 Nimisque
491 1185 596 1246 hercle
611 1205 668 1262 ego
682 1186 774 1245 illum
789 1187 869 1246 male
884 1186 1071 1247 formidaui:
1093 1185 1140 1247 lta
1153 1186 1235 1246 fren-

390 1291 485 1361 debat
498 1291 653 1351 dentibus

311 1396 494 1456 Adueniens
508 1401 609 1456 totum
625 1396 807 1456 deturbauit
821 1393 890 1455 cuim
905 1406 998 1456 carne
1012 1397 1196 1471 carnarium,

311 1500 455 1578 Arripuit
490 1494 639 1576 gladium,
670 1502 905 1578 praetruncauit
939 1501 1040 1561 tribus
1075 1502 1234 1579 tegoribus

196 1592 199 1595 ⁵
392 1605 527 1681 glandia,
1191 1620 1234 1663 915

311 1710 410 1771 Aulas
424 1710 600 1788 calicesque
614 1710 716 1771 omnis
731 1710 887 1788 confregit
903 1710 965 1770 nisi
982 1730 1062 1788 quae
1083 1711 1233 1772 modiales

390 1821 496 1875 erant:

311 1918 449 1996 Coquom
464 1918 715 1998 percontabatuir,
731 1926 900 2007 possentne
915 1920 1014 1980 seriae
1028 1921 1218 1981 feruescere:

312 2024 415 2086 Cellas
430 2025 561 2101 refregit
576 2026 677 2085 omnis
691 2025 778 2086 intus
793 2007 983 2103 rdelusitque
998 2026 1175 2086 armarium.

311 2129 486 2190 Adseruate
497 2130 610 2205 istunc,
623 2128 726 2204 sultis,
738 2130 838 2190 serui:
861 2149 917 2206 ego
932 2130 991 2207 ibo,
1003 2136 1040 2189 ut
1050 2131 1233 2191 conueniam

391 2253 505 2294 senem.

310 2324 431 2413 Dicam,
453 2337 489 2398 rit
510 2339 572 2399 sibi
592 2357 708 2418 penum
729 2338 807 2399 alibi
828 2340 966 2414 adornet,
988 2318 1144 2417 siquidem
1167 2358 1233 2400 sese
1266 2311 1295 2435 J

391 2442 440 2502 uti
453 2443 556 2504 uolet:
1190 2458 1235 2504 ltro

310 2547 394 2608 Nam
409 2548 460 2608 hic
474 2548 601 2625 quidem
620 2547 624 2629 Ι
642 2554 679 2608 ut
693 2549 825 2609 adornat
840 2554 895 2609 aut
904 2549 967 2609 iam
979 2548 1025 2607 nil
1040 2555 1088 2609 est
1102 2556 1157 2610 aut
1171 2549 1234 2610 iam
1273 2524 1282 2589 d

390 2652 437 2712 nil
451 2652 512 2713 erit
527 2651 648 2733 [cuades
661 2656 737 2713 baele
750 2657 814 2714 toto
827 2655 874 2713 tlte
888 2655 1004 2736 hocce}
