<?xml version="1.0" encoding="UTF-8"?>
<!DOCTYPE html PUBLIC "-//W3C//DTD XHTML 1.0 Transitional//EN"
    "http://www.w3.org/TR/xhtml1/DTD/xhtml1-transitional.dtd">
<html xmlns="http://www.w3.org/1999/xhtml" xml:lang="en" lang="en">
 <head>
  <title>
</title>
<meta http-equiv="Content-Type" content="text/html;charset=utf-8" />
  <meta name='ocr-system' content='tesseract 3.04.00' />
  <meta name='ocr-capabilities' content='ocr_page ocr_carea ocr_par ocr_line ocrx_word'/>
</head>
<body>
  <div class='ocr_page' id='page_1' title='image "./tmacciplavticap00elmegoog_0114.png"; bbox 0 0 2750 4109; ppageno 0'>
   <div class='ocr_carea' id='block_1_1' title="bbox 161 245 1290 342">
    <p class='ocr_par' dir='ltr' id='par_1_1' title="bbox 161 245 1290 342">
     <span class='ocr_line' id='line_1_1' title="bbox 161 245 1290 342; baseline 0.001 -16"><span class='ocrx_word' id='word_1_1' title='bbox 161 266 203 327; x_wconf 83' lang='lat'>46</span> <span class='ocrx_word' id='word_1_2' title='bbox 621 245 758 330; x_wconf 64' lang='lat' dir='ltr'>Parim</span> <span class='ocrx_word' id='word_1_3' title='bbox 1025 277 1085 342; x_wconf 77' lang='lat' dir='ltr'>[ru.</span> <span class='ocrx_word' id='word_1_4' title='bbox 1098 279 1122 329; x_wconf 80' lang='lat' dir='ltr'>a.</span> <span class='ocrx_word' id='word_1_5' title='bbox 1137 279 1213 328; x_wconf 73' lang='lat' dir='ltr'>neo</span> <span class='ocrx_word' id='word_1_6' title='bbox 1286 304 1290 309; x_wconf 89' lang='lat'><em>-</em></span> 
     </span>
    </p>
   </div>
   <div class='ocr_carea' id='block_1_2' title="bbox 158 425 1266 3762">
    <p class='ocr_par' dir='ltr' id='par_1_2' title="bbox 158 425 1266 3762">
     <span class='ocr_line' id='line_1_2' title="bbox 293 425 1212 529; baseline -0.005 -18"><span class='ocrx_word' id='word_1_7' title='bbox 293 425 425 511; x_wconf 59' lang='lat' dir='ltr'>imerus</span> <span class='ocrx_word' id='word_1_8' title='bbox 440 451 538 512; x_wconf 90' lang='lat' dir='ltr'>aries:</span> <span class='ocrx_word' id='word_1_9' title='bbox 560 450 629 511; x_wconf 82' lang='lat' dir='ltr'>tim</span> <span class='ocrx_word' id='word_1_10' title='bbox 646 470 728 528; x_wconf 84' lang='lat' dir='ltr'>genu</span> <span class='ocrx_word' id='word_1_11' title='bbox 746 451 788 512; x_wconf 79' lang='lat' dir='ltr'>ad</span> <span class='ocrx_word' id='word_1_12' title='bbox 803 469 959 529; x_wconf 86' lang='lat' dir='ltr'>quemque</span> <span class='ocrx_word' id='word_1_13' title='bbox 973 450 1082 524; x_wconf 86' lang='lat' dir='ltr'>iecere,</span> <span class='ocrx_word' id='word_1_14' title='bbox 1098 450 1139 510; x_wconf 86' lang='lat' dir='ltr'>ad</span> <span class='ocrx_word' id='word_1_15' title='bbox 1156 455 1212 508; x_wconf 88' lang='lat' dir='ltr'>ter-</span> 
     </span>
     <span class='ocr_line' id='line_1_3' title="bbox 372 532 1226 634; baseline -0.001 -20"><span class='ocrx_word' id='word_1_16' title='bbox 372 557 438 616; x_wconf 70' lang='lat' dir='ltr'>ram</span> <span class='ocrx_word' id='word_1_17' title='bbox 453 558 542 616; x_wconf 76' lang='lat' dir='ltr'>cabo.</span> <span class='ocrx_word' id='word_1_18' title='bbox 1166 630 1168 634; x_wconf 12' lang='lat' dir='ltr'>v</span> <span class='ocrx_word' id='word_1_19' title='bbox 1215 532 1226 553; x_wconf 83' lang='lat'><strong><em>&#39;</em></strong></span> 
     </span>
     <span class='ocr_line' id='line_1_4' title="bbox 290 659 1212 738; baseline -0.003 -18"><span class='ocrx_word' id='word_1_20' title='bbox 290 661 474 738; x_wconf 81' lang='lat' dir='ltr'>Dentilegos</span> <span class='ocrx_word' id='word_1_21' title='bbox 496 662 603 723; x_wconf 90' lang='lat' dir='ltr'>omnes</span> <span class='ocrx_word' id='word_1_22' title='bbox 624 660 771 721; x_wconf 80' lang='lat' dir='ltr'><strong>mortales</strong></span> <span class='ocrx_word' id='word_1_23' title='bbox 796 660 922 735; x_wconf 74' lang='lat' dir='ltr'>seciam,</span> <span class='ocrx_word' id='word_1_24' title='bbox 945 678 1100 737; x_wconf 86' lang='lat' dir='ltr'>quemque</span> <span class='ocrx_word' id='word_1_25' title='bbox 1122 659 1212 718; x_wconf 83' lang='lat' dir='ltr'>offen·</span> 
     </span>
     <span class='ocr_line' id='line_1_5' title="bbox 371 768 493 830; baseline 0.033 -4"><span class='ocrx_word' id='word_1_26' title='bbox 371 768 453 826; x_wconf 83' lang='lat' dir='ltr'>dero.</span> <span class='ocrx_word' id='word_1_27' title='bbox 490 824 493 830; x_wconf 89' lang='lat'><em>.</em></span> 
     </span>
     <span class='ocr_line' id='line_1_6' title="bbox 211 867 1214 953; baseline -0.005 -21"><span class='ocrx_word' id='word_1_28' title='bbox 211 874 268 933; x_wconf 86' lang='lat' dir='ltr'>He.</span> <span class='ocrx_word' id='word_1_29' title='bbox 293 871 422 953; x_wconf 80' lang='lat' dir='ltr'>[Aride]</span> <span class='ocrx_word' id='word_1_30' title='bbox 438 872 524 942; x_wconf 77' lang='lat' dir='ltr'>Quae</span> <span class='ocrx_word' id='word_1_31' title='bbox 544 871 636 932; x_wconf 86' lang='lat' dir='ltr'>illaec</span> <span class='ocrx_word' id='word_1_32' title='bbox 650 871 832 931; x_wconf 81' lang='lat' dir='ltr'>eminetiost</span> <span class='ocrx_word' id='word_1_33' title='bbox 851 873 951 931; x_wconf 84' lang='lat' dir='ltr'>nam?</span> <span class='ocrx_word' id='word_1_34' title='bbox 973 872 1094 947; x_wconf 89' lang='lat' dir='ltr'>nequeo</span> <span class='ocrx_word' id='word_1_35' title='bbox 1107 867 1214 929; x_wconf 84' lang='lat' dir='ltr'>mirari</span> 
     </span>
     <span class='ocr_line' id='line_1_7' title="bbox 304 977 1243 1058; baseline -0.003 -21"><span class='ocrx_word' id='word_1_36' title='bbox 304 979 306 981; x_wconf 77' lang='grc'><strong>’</strong></span> <span class='ocrx_word' id='word_1_37' title='bbox 382 977 468 1037; x_wconf 82' lang='lat' dir='ltr'>satis.</span> <span class='ocrx_word' id='word_1_38' title='bbox 1241 1054 1243 1058; x_wconf 68' lang='lat'>,</span> 
     </span>
     <span class='ocr_line' id='line_1_8' title="bbox 173 1079 1214 1158; baseline -0.002 -19"><span class='ocrx_word' id='word_1_39' title='bbox 173 1100 199 1139; x_wconf 79' lang='lat' dir='ltr'>ao</span> <span class='ocrx_word' id='word_1_40' title='bbox 211 1084 267 1142; x_wconf 78' lang='lat' dir='ltr'>Er.</span> <span class='ocrx_word' id='word_1_41' title='bbox 292 1082 427 1156; x_wconf 78' lang='lat' dir='ltr'>Feciam,</span> <span class='ocrx_word' id='word_1_42' title='bbox 442 1088 479 1141; x_wconf 92' lang='lat' dir='ltr'>ut</span> <span class='ocrx_word' id='word_1_43' title='bbox 500 1081 595 1141; x_wconf 89' lang='lat' dir='ltr'>huius</span> <span class='ocrx_word' id='word_1_44' title='bbox 613 1080 676 1141; x_wconf 89' lang='lat' dir='ltr'>diei</span> <span class='ocrx_word' id='word_1_45' title='bbox 694 1082 816 1158; x_wconf 79' lang='lat' dir='ltr'>locique</span> <span class='ocrx_word' id='word_1_46' title='bbox 831 1080 955 1158; x_wconf 90' lang='lat' dir='ltr'>meique</span> <span class='ocrx_word' id='word_1_47' title='bbox 974 1099 1097 1158; x_wconf 83' lang='lat' dir='ltr'>semper</span> <span class='ocrx_word' id='word_1_48' title='bbox 1110 1079 1214 1139; x_wconf 91' lang='lat' dir='ltr'>memi-</span> 
     </span>
     <span class='ocr_line' id='line_1_9' title="bbox 371 1187 1214 1246; baseline -0.004 -1"><span class='ocrx_word' id='word_1_49' title='bbox 371 1187 470 1246; x_wconf 89' lang='lat' dir='ltr'>nerit:</span> <span class='ocrx_word' id='word_1_50' title='bbox 1172 1197 1214 1242; x_wconf 80' lang='lat'>800</span> 
     </span>
     <span class='ocr_line' id='line_1_10' title="bbox 291 1290 1214 1368; baseline -0.003 -18"><span class='ocrx_word' id='word_1_51' title='bbox 291 1291 352 1362; x_wconf 76' lang='lat' dir='ltr'>Qui</span> <span class='ocrx_word' id='word_1_52' title='bbox 372 1291 452 1350; x_wconf 90' lang='lat' dir='ltr'>mihi</span> <span class='ocrx_word' id='word_1_53' title='bbox 471 1299 506 1350; x_wconf 85' lang='lat' dir='ltr'>ln</span> <span class='ocrx_word' id='word_1_54' title='bbox 522 1310 625 1366; x_wconf 87' lang='lat' dir='ltr'>cursu,</span> <span class='ocrx_word' id='word_1_55' title='bbox 641 1290 801 1368; x_wconf 82' lang='lat' dir='ltr'>opstiterit</span> <span class='ocrx_word' id='word_1_56' title='bbox 819 1291 895 1350; x_wconf 87' lang='lat' dir='ltr'>faxo</span> <span class='ocrx_word' id='word_1_57' title='bbox 909 1290 994 1349; x_wconf 90' lang='lat' dir='ltr'>uitae</span> <span class='ocrx_word' id='word_1_58' title='bbox 1012 1290 1040 1350; x_wconf 89' lang='lat' dir='ltr'>is</span> <span class='ocrx_word' id='word_1_59' title='bbox 1057 1290 1214 1367; x_wconf 84' lang='lat' dir='ltr'>extemple</span> 
     </span>
     <span class='ocr_line' id='line_1_11' title="bbox 178 1415 455 1469; baseline -0.014 -10"><span class='ocrx_word' id='word_1_60' title='bbox 178 1464 181 1469; x_wconf 69' lang='lat'><em>,</em></span> <span class='ocrx_word' id='word_1_61' title='bbox 372 1415 455 1456; x_wconf 83' lang='lat' dir='ltr'>suae.</span> 
     </span>
     <span class='ocr_line' id='line_1_12' title="bbox 158 1478 1214 1582; baseline -0.005 -21"><span class='ocrx_word' id='word_1_62' title='bbox 158 1522 159 1527; x_wconf 50' lang='lat'>¹</span> <span class='ocrx_word' id='word_1_63' title='bbox 212 1503 270 1560; x_wconf 91' lang='lat' dir='ltr'>Hc.</span> <span class='ocrx_word' id='word_1_64' title='bbox 295 1500 422 1582; x_wconf 76' lang='lat' dir='ltr'>[Asido]</span> <span class='ocrx_word' id='word_1_65' title='bbox 441 1500 523 1572; x_wconf 81' lang='lat' dir='ltr'>Quid</span> <span class='ocrx_word' id='word_1_66' title='bbox 544 1501 595 1560; x_wconf 87' lang='lat' dir='ltr'>hic</span> <span class='ocrx_word' id='word_1_67' title='bbox 610 1500 704 1560; x_wconf 93' lang='lat' dir='ltr'>homo</span> <span class='ocrx_word' id='word_1_68' title='bbox 717 1478 841 1560; x_wconf 83' lang='lat' dir='ltr'>tantum</span> <span class='ocrx_word' id='word_1_69' title='bbox 856 1498 1014 1577; x_wconf 75' lang='lat' dir='ltr'>incipissit</span> <span class='ocrx_word' id='word_1_70' title='bbox 1027 1500 1131 1558; x_wconf 78' lang='lat' dir='ltr'>iecere</span> <span class='ocrx_word' id='word_1_71' title='bbox 1145 1519 1214 1557; x_wconf 90' lang='lat' dir='ltr'>oum</span> 
     </span>
     <span class='ocr_line' id='line_1_13' title="bbox 362 1603 1092 1666; baseline -0.004 0"><span class='ocrx_word' id='word_1_72' title='bbox 362 1605 461 1666; x_wconf 87' lang='lat' dir='ltr'>tantis</span> <span class='ocrx_word' id='word_1_73' title='bbox 476 1606 599 1665; x_wconf 87' lang='lat' dir='ltr'>minis?</span> <span class='ocrx_word' id='word_1_74' title='bbox 663 1634 669 1648; x_wconf 93' lang='lat'><strong>·</strong></span> <span class='ocrx_word' id='word_1_75' title='bbox 1086 1603 1092 1615; x_wconf 70' lang='lat'><strong>⁴</strong></span> 
     </span>
     <span class='ocr_line' id='line_1_14' title="bbox 211 1707 1175 1788; baseline -0.005 -17"><span class='ocrx_word' id='word_1_76' title='bbox 211 1714 266 1771; x_wconf 80' lang='lat' dir='ltr'>Er.</span> <span class='ocrx_word' id='word_1_77' title='bbox 291 1710 384 1771; x_wconf 84' lang='lat' dir='ltr'>Prius</span> <span class='ocrx_word' id='word_1_78' title='bbox 398 1710 495 1785; x_wconf 86' lang='lat' dir='ltr'>edico,</span> <span class='ocrx_word' id='word_1_79' title='bbox 511 1711 623 1787; x_wconf 91' lang='lat' dir='ltr'>nequis</span> <span class='ocrx_word' id='word_1_80' title='bbox 638 1715 768 1788; x_wconf 88' lang='lat' dir='ltr'>propter</span> <span class='ocrx_word' id='word_1_81' title='bbox 782 1708 907 1787; x_wconf 75' lang='lat' dir='ltr'>orilpam</span> <span class='ocrx_word' id='word_1_82' title='bbox 921 1707 1064 1787; x_wconf 79' lang='lat' dir='ltr'>capiatir</span> <span class='ocrx_word' id='word_1_83' title='bbox 1079 1728 1175 1782; x_wconf 87' lang='lat' dir='ltr'>suem,</span> 
     </span>
     <span class='ocr_line' id='line_1_15' title="bbox 292 1813 1157 1892; baseline -0.003 -17"><span class='ocrx_word' id='word_1_84' title='bbox 292 1816 459 1876; x_wconf 81' lang='lat' dir='ltr'>Centinete</span> <span class='ocrx_word' id='word_1_85' title='bbox 473 1815 529 1875; x_wconf 83' lang='lat' dir='ltr'>ues</span> <span class='ocrx_word' id='word_1_86' title='bbox 544 1816 638 1889; x_wconf 86' lang='lat' dir='ltr'>domi,</span> <span class='ocrx_word' id='word_1_87' title='bbox 653 1815 818 1892; x_wconf 89' lang='lat' dir='ltr'>prohibete</span> <span class='ocrx_word' id='word_1_88' title='bbox 833 1834 852 1873; x_wconf 86' lang='lat' dir='ltr'>a</span> <span class='ocrx_word' id='word_1_89' title='bbox 865 1814 954 1873; x_wconf 90' lang='lat' dir='ltr'>uobis</span> <span class='ocrx_word' id='word_1_90' title='bbox 969 1813 1034 1873; x_wconf 91' lang='lat' dir='ltr'>uim</span> <span class='ocrx_word' id='word_1_91' title='bbox 1049 1833 1157 1872; x_wconf 88' lang='lat' dir='ltr'>meam.</span> 
     </span>
     <span class='ocr_line' id='line_1_16' title="bbox 172 1917 1217 2000; baseline -0.002 -22"><span class='ocrx_word' id='word_1_92' title='bbox 172 1938 199 1978; x_wconf 77' lang='lat' dir='ltr'>ar</span> <span class='ocrx_word' id='word_1_93' title='bbox 210 1923 269 1980; x_wconf 89' lang='lat' dir='ltr'>Hc.</span> <span class='ocrx_word' id='word_1_94' title='bbox 294 1920 422 2000; x_wconf 79' lang='lat' dir='ltr'>[Aside]</span> <span class='ocrx_word' id='word_1_95' title='bbox 442 1919 526 1979; x_wconf 91' lang='lat' dir='ltr'>Mira</span> <span class='ocrx_word' id='word_1_96' title='bbox 539 1920 649 1997; x_wconf 86' lang='lat' dir='ltr'>edepol</span> <span class='ocrx_word' id='word_1_97' title='bbox 669 1926 744 1979; x_wconf 85' lang='lat' dir='ltr'>sunt</span> <span class='ocrx_word' id='word_1_98' title='bbox 758 1918 792 1978; x_wconf 91' lang='lat' dir='ltr'>ni</span> <span class='ocrx_word' id='word_1_99' title='bbox 811 1919 863 1979; x_wconf 90' lang='lat' dir='ltr'>hic</span> <span class='ocrx_word' id='word_1_100' title='bbox 877 1926 912 1977; x_wconf 85' lang='lat' dir='ltr'>ln</span> <span class='ocrx_word' id='word_1_101' title='bbox 925 1925 1068 1977; x_wconf 89' lang='lat' dir='ltr'>uentrem</span> <span class='ocrx_word' id='word_1_102' title='bbox 1082 1917 1217 1996; x_wconf 80' lang='lat' dir='ltr'>sirmpsit</span> 
     </span>
     <span class='ocr_line' id='line_1_17' title="bbox 327 2025 1216 2093; baseline -0.004 -9"><span class='ocrx_word' id='word_1_103' title='bbox 327 2088 328 2093; x_wconf 8' lang='grc' dir='ltr'>χ</span> <span class='ocrx_word' id='word_1_104' title='bbox 361 2025 589 2084; x_wconf 86' lang='lat' dir='ltr'>confidentiam.</span> <span class='ocrx_word' id='word_1_105' title='bbox 932 2076 934 2079; x_wconf 88' lang='lat'><em>.</em></span> <span class='ocrx_word' id='word_1_106' title='bbox 1173 2035 1216 2080; x_wconf 78' lang='lat'>806</span> 
     </span>
     <span class='ocr_line' id='line_1_18' title="bbox 291 2116 1204 2206; baseline -0.003 -17"><span class='ocrx_word' id='word_1_107' title='bbox 291 2131 358 2189; x_wconf 85' lang='lat' dir='ltr'>Vae</span> <span class='ocrx_word' id='word_1_108' title='bbox 372 2116 486 2189; x_wconf 88' lang='lat' dir='ltr'>misero</span> <span class='ocrx_word' id='word_1_109' title='bbox 500 2129 558 2203; x_wconf 88' lang='lat' dir='ltr'>illi,</span> <span class='ocrx_word' id='word_1_110' title='bbox 574 2127 686 2206; x_wconf 87' lang='lat' dir='ltr'>quoius</span> <span class='ocrx_word' id='word_1_111' title='bbox 701 2129 770 2189; x_wconf 88' lang='lat' dir='ltr'>cibo</span> <span class='ocrx_word' id='word_1_112' title='bbox 784 2129 845 2189; x_wconf 90' lang='lat' dir='ltr'>iste</span> <span class='ocrx_word' id='word_1_113' title='bbox 859 2129 979 2189; x_wconf 82' lang='lat' dir='ltr'>fectust</span> <span class='ocrx_word' id='word_1_114' title='bbox 992 2127 1204 2205; x_wconf 82' lang='lat' dir='ltr'>imperiesior!</span> 
     </span>
     <span class='ocr_line' id='line_1_19' title="bbox 210 2217 1181 2312; baseline -0.003 -18"><span class='ocrx_word' id='word_1_115' title='bbox 210 2238 267 2294; x_wconf 83' lang='lat' dir='ltr'>Er.</span> <span class='ocrx_word' id='word_1_116' title='bbox 292 2234 372 2293; x_wconf 86' lang='lat' dir='ltr'>Timr</span> <span class='ocrx_word' id='word_1_117' title='bbox 386 2235 521 2312; x_wconf 89' lang='lat' dir='ltr'>pistores</span> <span class='ocrx_word' id='word_1_118' title='bbox 537 2234 716 2312; x_wconf 81' lang='lat' dir='ltr'>screfipasci</span> <span class='ocrx_word' id='word_1_119' title='bbox 730 2217 787 2311; x_wconf 79' lang='lat' dir='ltr'>qui</span> <span class='ocrx_word' id='word_1_120' title='bbox 806 2234 896 2293; x_wconf 88' lang='lat' dir='ltr'>alunt</span> <span class='ocrx_word' id='word_1_121' title='bbox 909 2232 1086 2293; x_wconf 78' lang='lat' dir='ltr'>furfuribus</span> <span class='ocrx_word' id='word_1_122' title='bbox 1102 2251 1181 2307; x_wconf 86' lang='lat' dir='ltr'>sues,</span> 
     </span>
     <span class='ocr_line' id='line_1_20' title="bbox 233 2337 1170 2422; baseline -0.003 -23"><span class='ocrx_word' id='word_1_123' title='bbox 233 2378 234 2381; x_wconf 58' lang='lat'><em>=</em></span> <span class='ocrx_word' id='word_1_124' title='bbox 291 2340 429 2410; x_wconf 78' lang='lat' dir='ltr'>Querum</span> <span class='ocrx_word' id='word_1_125' title='bbox 444 2340 537 2398; x_wconf 91' lang='lat' dir='ltr'>odore</span> <span class='ocrx_word' id='word_1_126' title='bbox 552 2339 723 2416; x_wconf 87' lang='lat' dir='ltr'>praeterire</span> <span class='ocrx_word' id='word_1_127' title='bbox 737 2339 829 2398; x_wconf 91' lang='lat' dir='ltr'>nemo</span> <span class='ocrx_word' id='word_1_128' title='bbox 843 2337 1013 2416; x_wconf 78' lang='lat' dir='ltr'>pistrinrim</span> <span class='ocrx_word' id='word_1_129' title='bbox 1027 2343 1147 2414; x_wconf 88' lang='lat' dir='ltr'>potest:</span> <span class='ocrx_word' id='word_1_130' title='bbox 1168 2417 1170 2422; x_wconf 10' lang='lat' dir='ltr'>k</span> 
     </span>
     <span class='ocr_line' id='line_1_21' title="bbox 291 2442 1215 2521; baseline -0.004 -18"><span class='ocrx_word' id='word_1_131' title='bbox 291 2445 408 2504; x_wconf 82' lang='lat' dir='ltr'>Eerum</span> <span class='ocrx_word' id='word_1_132' title='bbox 423 2444 450 2504; x_wconf 88' lang='lat' dir='ltr'>si</span> <span class='ocrx_word' id='word_1_133' title='bbox 465 2443 673 2521; x_wconf 77' lang='lat' dir='ltr'>quoiusquam</span> <span class='ocrx_word' id='word_1_134' title='bbox 683 2445 818 2504; x_wconf 83' lang='lat' dir='ltr'>scrofam</span> <span class='ocrx_word' id='word_1_135' title='bbox 831 2443 864 2502; x_wconf 90' lang='lat' dir='ltr'>in</span> <span class='ocrx_word' id='word_1_136' title='bbox 880 2442 1005 2520; x_wconf 80' lang='lat' dir='ltr'>publico</span> <span class='ocrx_word' id='word_1_137' title='bbox 1016 2443 1215 2519; x_wconf 76' lang='lat' dir='ltr'>conspexero,</span> 
     </span>
     <span class='ocr_line' id='line_1_22' title="bbox 172 2526 1217 2627; baseline -0.004 -20"><span class='ocrx_word' id='word_1_138' title='bbox 172 2568 198 2607; x_wconf 84' lang='lat' dir='ltr'>ro</span> <span class='ocrx_word' id='word_1_139' title='bbox 291 2533 342 2609; x_wconf 72' lang='lat' dir='ltr'>Ex</span> <span class='ocrx_word' id='word_1_140' title='bbox 356 2549 435 2627; x_wconf 90' lang='lat' dir='ltr'>ipsis</span> <span class='ocrx_word' id='word_1_141' title='bbox 450 2549 586 2609; x_wconf 85' lang='lat' dir='ltr'>dominis</span> <span class='ocrx_word' id='word_1_142' title='bbox 601 2549 679 2608; x_wconf 86' lang='lat' dir='ltr'>meis</span> <span class='ocrx_word' id='word_1_143' title='bbox 695 2548 808 2627; x_wconf 84' lang='lat' dir='ltr'>pugnis</span> <span class='ocrx_word' id='word_1_144' title='bbox 824 2548 992 2607; x_wconf 77' lang='lat' dir='ltr'>exculcabo</span> <span class='ocrx_word' id='word_1_145' title='bbox 1006 2526 1155 2606; x_wconf 77' lang='lat' dir='ltr'>firrfures.</span> <span class='ocrx_word' id='word_1_146' title='bbox 1172 2559 1217 2603; x_wconf 80' lang='lat'>810</span> 
     </span>
     <span class='ocr_line' id='line_1_23' title="bbox 211 2651 1213 2735; baseline -0.006 -20"><span class='ocrx_word' id='word_1_147' title='bbox 211 2656 269 2715; x_wconf 88' lang='lat' dir='ltr'>He.</span> <span class='ocrx_word' id='word_1_148' title='bbox 294 2653 422 2735; x_wconf 76' lang='lat' dir='ltr'>[Aside]</span> <span class='ocrx_word' id='word_1_149' title='bbox 439 2654 592 2713; x_wconf 81' lang='lat' dir='ltr'>Besilicas</span> <span class='ocrx_word' id='word_1_150' title='bbox 607 2653 778 2713; x_wconf 73' lang='lat' dir='ltr'>edictiones</span> <span class='ocrx_word' id='word_1_151' title='bbox 794 2652 889 2730; x_wconf 75' lang='lat' dir='ltr'>etque</span> <span class='ocrx_word' id='word_1_152' title='bbox 908 2651 1092 2730; x_wconf 73' lang='lat' dir='ltr'>imperioses</span> <span class='ocrx_word' id='word_1_153' title='bbox 1111 2651 1213 2710; x_wconf 88' lang='lat' dir='ltr'>habet.</span> 
     </span>
     <span class='ocr_line' id='line_1_24' title="bbox 292 2755 1216 2836; baseline -0.005 -17"><span class='ocrx_word' id='word_1_154' title='bbox 292 2759 386 2819; x_wconf 70' lang='lat' dir='ltr'>setur</span> <span class='ocrx_word' id='word_1_155' title='bbox 414 2759 547 2833; x_wconf 85' lang='lat' dir='ltr'>homost,</span> <span class='ocrx_word' id='word_1_156' title='bbox 572 2758 668 2817; x_wconf 85' lang='lat' dir='ltr'>habet</span> <span class='ocrx_word' id='word_1_157' title='bbox 695 2758 837 2836; x_wconf 82' lang='lat' dir='ltr'>profecto</span> <span class='ocrx_word' id='word_1_158' title='bbox 863 2757 898 2815; x_wconf 90' lang='lat' dir='ltr'>in</span> <span class='ocrx_word' id='word_1_159' title='bbox 925 2757 1035 2816; x_wconf 85' lang='lat' dir='ltr'>uentre</span> <span class='ocrx_word' id='word_1_160' title='bbox 1063 2755 1216 2815; x_wconf 87' lang='lat' dir='ltr'>confiden-</span> 
     </span>
     <span class='ocr_line' id='line_1_25' title="bbox 251 2863 459 2935; baseline -0.01 -12"><span class='ocrx_word' id='word_1_161' title='bbox 251 2932 252 2935; x_wconf 8' lang='grc' dir='ltr'><strong>Ἴ</strong></span> <span class='ocrx_word' id='word_1_162' title='bbox 373 2863 459 2923; x_wconf 90' lang='lat' dir='ltr'>tiam.</span> 
     </span>
     <span class='ocr_line' id='line_1_26' title="bbox 212 2966 1196 3046; baseline -0.005 -16"><span class='ocrx_word' id='word_1_163' title='bbox 212 2972 266 3030; x_wconf 81' lang='lat' dir='ltr'>Er.</span> <span class='ocrx_word' id='word_1_164' title='bbox 291 2968 371 3029; x_wconf 77' lang='lat' dir='ltr'>Turn</span> <span class='ocrx_word' id='word_1_165' title='bbox 386 2969 556 3046; x_wconf 78' lang='lat' dir='ltr'>piscatores</span> <span class='ocrx_word' id='word_1_166' title='bbox 572 2968 626 3044; x_wconf 90' lang='lat' dir='ltr'>qui</span> <span class='ocrx_word' id='word_1_167' title='bbox 640 2968 791 3045; x_wconf 84' lang='lat' dir='ltr'>praebent</span> <span class='ocrx_word' id='word_1_168' title='bbox 806 2966 922 3045; x_wconf 82' lang='lat' dir='ltr'>pepulo</span> <span class='ocrx_word' id='word_1_169' title='bbox 936 2966 1037 3044; x_wconf 86' lang='lat' dir='ltr'>pisces</span> <span class='ocrx_word' id='word_1_170' title='bbox 1052 2966 1196 3039; x_wconf 80' lang='lat' dir='ltr'>foetidos,</span> 
     </span>
     <span class='ocr_line' id='line_1_27' title="bbox 292 3070 1188 3150; baseline -0.004 -18"><span class='ocrx_word' id='word_1_171' title='bbox 292 3073 353 3144; x_wconf 78' lang='lat' dir='ltr'>Qui</span> <span class='ocrx_word' id='word_1_172' title='bbox 367 3073 566 3132; x_wconf 78' lang='lat' dir='ltr'>eduehuntur</span> <span class='ocrx_word' id='word_1_173' title='bbox 581 3072 835 3150; x_wconf 78' lang='lat' dir='ltr'>quedrupedanti</span> <span class='ocrx_word' id='word_1_174' title='bbox 850 3070 1003 3131; x_wconf 70' lang='lat' dir='ltr'>crucianti</span> <span class='ocrx_word' id='word_1_175' title='bbox 1018 3070 1188 3145; x_wconf 81' lang='lat' dir='ltr'>cantheriO,</span> 
     </span>
     <span class='ocr_line' id='line_1_28' title="bbox 172 3175 1201 3251; baseline -0.004 -15"><span class='ocrx_word' id='word_1_176' title='bbox 172 3196 199 3236; x_wconf 79' lang='lat' dir='ltr'>es</span> <span class='ocrx_word' id='word_1_177' title='bbox 292 3179 430 3248; x_wconf 82' lang='lat' dir='ltr'>Querum</span> <span class='ocrx_word' id='word_1_178' title='bbox 445 3177 519 3236; x_wconf 88' lang='lat' dir='ltr'>odos</span> <span class='ocrx_word' id='word_1_179' title='bbox 535 3176 783 3237; x_wconf 77' lang='lat' dir='ltr'>subbesilicanos</span> <span class='ocrx_word' id='word_1_180' title='bbox 798 3177 905 3236; x_wconf 82' lang='lat' dir='ltr'>emnes</span> <span class='ocrx_word' id='word_1_181' title='bbox 920 3175 1020 3251; x_wconf 86' lang='lat' dir='ltr'>abigit</span> <span class='ocrx_word' id='word_1_182' title='bbox 1034 3175 1067 3234; x_wconf 93' lang='lat' dir='ltr'>in</span> <span class='ocrx_word' id='word_1_183' title='bbox 1081 3176 1201 3233; x_wconf 88' lang='lat' dir='ltr'>forum:</span> 
     </span>
     <span class='ocr_line' id='line_1_29' title="bbox 292 3279 1218 3358; baseline -0.005 -17"><span class='ocrx_word' id='word_1_184' title='bbox 292 3281 349 3341; x_wconf 85' lang='lat' dir='ltr'>Eis</span> <span class='ocrx_word' id='word_1_185' title='bbox 363 3301 420 3357; x_wconf 85' lang='lat' dir='ltr'>ego</span> <span class='ocrx_word' id='word_1_186' title='bbox 434 3301 488 3341; x_wconf 88' lang='lat' dir='ltr'>ora</span> <span class='ocrx_word' id='word_1_187' title='bbox 502 3282 673 3341; x_wconf 90' lang='lat' dir='ltr'>uerberabo</span> <span class='ocrx_word' id='word_1_188' title='bbox 688 3279 856 3358; x_wconf 84' lang='lat' dir='ltr'>sirrpiculis</span> <span class='ocrx_word' id='word_1_189' title='bbox 870 3280 1025 3357; x_wconf 81' lang='lat' dir='ltr'>pisceriis,</span> <span class='ocrx_word' id='word_1_190' title='bbox 1173 3292 1218 3337; x_wconf 80' lang='lat'>816</span> 
     </span>
     <span class='ocr_line' id='line_1_30' title="bbox 293 3366 1153 3462; baseline -0.005 -16"><span class='ocrx_word' id='word_1_191' title='bbox 293 3366 336 3446; x_wconf 71' lang='lat' dir='ltr'>Vt</span> <span class='ocrx_word' id='word_1_192' title='bbox 351 3387 452 3446; x_wconf 86' lang='lat' dir='ltr'>sciant</span> <span class='ocrx_word' id='word_1_193' title='bbox 468 3385 571 3445; x_wconf 87' lang='lat' dir='ltr'>alieno</span> <span class='ocrx_word' id='word_1_194' title='bbox 586 3404 661 3445; x_wconf 89' lang='lat' dir='ltr'>naso</span> <span class='ocrx_word' id='word_1_195' title='bbox 676 3405 769 3462; x_wconf 86' lang='lat' dir='ltr'>quam</span> <span class='ocrx_word' id='word_1_196' title='bbox 785 3385 955 3444; x_wconf 82' lang='lat' dir='ltr'>exhibeant</span> <span class='ocrx_word' id='word_1_197' title='bbox 969 3384 1153 3444; x_wconf 85' lang='lat' dir='ltr'>molestiam.</span> 
     </span>
     <span class='ocr_line' id='line_1_31' title="bbox 292 3488 1183 3566; baseline -0.002 -16"><span class='ocrx_word' id='word_1_198' title='bbox 292 3488 373 3549; x_wconf 83' lang='lat' dir='ltr'>Trim</span> <span class='ocrx_word' id='word_1_199' title='bbox 388 3491 467 3550; x_wconf 89' lang='lat' dir='ltr'>lanii</span> <span class='ocrx_word' id='word_1_200' title='bbox 481 3496 586 3550; x_wconf 88' lang='lat' dir='ltr'>autem</span> <span class='ocrx_word' id='word_1_201' title='bbox 601 3489 656 3566; x_wconf 92' lang='lat' dir='ltr'>qui</span> <span class='ocrx_word' id='word_1_202' title='bbox 669 3490 857 3548; x_wconf 85' lang='lat' dir='ltr'>concinnant</span> <span class='ocrx_word' id='word_1_203' title='bbox 871 3489 980 3549; x_wconf 81' lang='lat' dir='ltr'>liberis</span> <span class='ocrx_word' id='word_1_204' title='bbox 994 3489 1085 3549; x_wconf 77' lang='lat' dir='ltr'>orbes</span> <span class='ocrx_word' id='word_1_205' title='bbox 1099 3506 1183 3563; x_wconf 84' lang='lat' dir='ltr'>oues,</span> 
     </span>
     <span class='ocr_line' id='line_1_32' title="bbox 291 3592 1266 3671; baseline -0.002 -17"><span class='ocrx_word' id='word_1_206' title='bbox 291 3595 354 3665; x_wconf 76' lang='lat' dir='ltr'>Qui</span> <span class='ocrx_word' id='word_1_207' title='bbox 385 3595 490 3654; x_wconf 87' lang='lat' dir='ltr'>locant</span> <span class='ocrx_word' id='word_1_208' title='bbox 522 3592 700 3653; x_wconf 77' lang='lat' dir='ltr'>caedundos</span> <span class='ocrx_word' id='word_1_209' title='bbox 728 3611 825 3669; x_wconf 85' lang='lat' dir='ltr'>agnos</span> <span class='ocrx_word' id='word_1_210' title='bbox 853 3592 885 3651; x_wconf 90' lang='lat' dir='ltr'>et</span> <span class='ocrx_word' id='word_1_211' title='bbox 913 3593 1042 3671; x_wconf 85' lang='lat' dir='ltr'>duplam</span> <span class='ocrx_word' id='word_1_212' title='bbox 1069 3592 1218 3669; x_wconf 76' lang='lat' dir='ltr'>agninem</span> <span class='ocrx_word' id='word_1_213' title='bbox 1263 3602 1266 3607; x_wconf 58' lang='lat'><em>⁴</em></span> 
     </span>
     <span class='ocr_line' id='line_1_33' title="bbox 373 3699 503 3762; baseline 0.023 -3"><span class='ocrx_word' id='word_1_214' title='bbox 373 3699 503 3762; x_wconf 80' lang='lat' dir='ltr'>danunt.</span> 
     </span>
    </p>
   </div>
   <div class='ocr_carea' id='block_1_3' title="bbox 0 0 1380 4101">
    <p class='ocr_par' dir='ltr' id='par_1_3' title="bbox 0 0 1380 4101">
     <span class='ocr_line' id='line_1_34' title="bbox 0 0 1380 4101; baseline 0 0"><span class='ocrx_word' id='word_1_215' title='bbox 0 0 1380 4101; x_wconf 95' lang='lat' dir='ltr'> </span> 
     </span>
    </p>
   </div>
  </div>
 </body>
</html>
